<?xml version="1.0" encoding="UTF-8"?><collection xmlns="http://www.loc.gov/MARC21/slim"><record><leader>00716nam--2200205-u-4500</leader><controlfield tag="001">000055005</controlfield><controlfield tag="002">20161230</controlfield><controlfield tag="005">20161230201051</controlfield><controlfield tag="008">120801s1000------------r-----000-0-eng-d</controlfield><datafield ind1=" " ind2=" " tag="020"><subfield code="a">9780735408821</subfield></datafield><datafield ind1=" " ind2=" " tag="040"><subfield code="a">IFIN-HH</subfield></datafield><datafield ind1=" " ind2=" " tag="080"><subfield code="a">530.14</subfield></datafield><datafield ind1="1" ind2=" " tag="100"><subfield code="a">Jaeger, Gregg</subfield></datafield><datafield ind1="1" ind2="0" tag="245"><subfield code="a">Advance3s in quantum theory</subfield><subfield code="b">Proceedings of the international conference on advances in quantum theory vaxjo, sweden 14-17 june 2010</subfield><subfield code="c">Gregg jaeger, andrei khrennikov, m. scchlosshauer, g.weihs (eds.)</subfield></datafield><datafield ind1=" " ind2=" " tag="260"><subfield code="a">Melville, New York</subfield><subfield code="b">American Institute Of Physics</subfield><subfield code="c">2011</subfield></datafield><datafield ind1=" " ind2=" " tag="300"><subfield code="a">529P</subfield></datafield><datafield ind1=" " ind2=" " tag="490"><subfield code="a">Aip Conference Proceedings</subfield><subfield code="v">Vol. 1327</subfield></datafield><datafield ind1="1" ind2=" " tag="700"><subfield code="a">Weihs, G</subfield><subfield code="e">Ed</subfield></datafield><datafield ind1=" " ind2=" " tag="852"><subfield code="a">82320</subfield><subfield code="c">530.14</subfield></datafield><datafield ind1=" " ind2=" " tag="CAT"><subfield code="a">Sys</subfield><subfield code="c">20120801</subfield><subfield code="h">152202</subfield></datafield></record></collection>